@article{WebScaleImageClustering,
  title = {Web Scale Image Clustering},
  subtitle = {Large Scale Discovery of Spatially Related Images},
  author = {Ondrej Chum and Jiri Matas},
  journal = {Research Reports of CMP},
  publisher = {Czech Technical University in Prague},
  year = 2008,
  month = May,
  number = 15
}

@article{History,
  title = {Data Clustering},
  subtitle = {A Review},
  author = {A. K. Jain and M. N. Murty and P. J. Flynn},
  journal = {ACM Computer Surveys},
  publisher = {ACM},
  year = 1999,
  month = September,
  number = 3,
  volume = 31
}

@article{Wathershad,
  title = {Use of Watershads in Contour Detection},
  author = {Serge Beuchers and Christian Lantuejoul},
  journal = {International Workshop on Image Processing: Real-time and Motion Detection/estimation},
  year = 1979,
  month = September
}

@article{Afastwatershed,
  title = {A fast watershed algorithm based on chain code and its application in image segmentation},
  author = {Han Sun and Jingyu Yang and Mingwu Ren},
  journal = {Pattern Recognition Letters},
  year = 2004,
  month = December,
  number = 26
}

@article{UnsupervisedImageSet,
  title = {Unsupervised Image-Set Clustering Using an Information Theoretic Framework},
  author = {Jacob Goldberger and Shiri Gordon and Hayit Greenspan},
  journal = {IEEE Transactions on Image Processing},
  publisher = {Institute of Eletrical and Eletronic Engineers},
  year = 2006,
  month = February,
  volume = 15,
  number = 2
}

@article{AnalysisofHusMoment,
  title = {Analysis of Hu’s Moment Invariants on Image Scaling and Rotation},
  author = {Zhihu Huang and Jinsong Leng},
  journal = {2nd International Conference on Computer Engineering and Technology},
  year = 2010,
  volume = 7
}

@article{3DHandPose,
  title = {3D Hand Pose Reconstruction With ISOSOM},
  author = {Haiying Guan and Matthew Turk},
  journal = {UCSB Computer Science Technical Report},
  year = 2005,
  month = August,
  publisher = {University of California, Santa Barbara}
}

@article{ImageClusteringBased,
  title = {Image Clustering Based on a Shared Nearest Neighbors Approach for Tagged Collections},
  author = {Pierre-Alain Moellic and Jean-Emmanuel Haugeard and Guillaume Pittel},
  journal = {2008 international Conference on Content-based Image and Video Retrieval},
  publisher = {ACM New York},
  year = 2008
}

@article{Coil,
  title = {Columbia Object image Library (COIL-100)},
  author = {S. A. Nene and S. K. Nayar and H. Murase},
  journal = {Technical Report CUCS-006-96},
  publisher = {Columbia University},
  year = 1996,
  month = February
}

@monography{Estudo,
  title = {Métodos de Segmentação de Mapas Auto-organizáveis para Análise de Agrupamentos},
  author = {Leonardo Freitas Noleto},
  school = {Universidade Federal de Santa Catarina},
  address = {Florian\'opolis - Santa Catarina},
  year = 2007,
  type = {Bacharelado}
}

@misc{Tecnicas,
  title = {Análise de Imagens},
  subtitle = {Aula 6: Características de Imagens},
  author = "Alexandre X. Falcao",
  url = {http://www.ic.unicamp.br/~afalcao/mo445/aula6-old.pdf},
  urlaccessdate = {8 ag. 2013},
  year = {2008}
}

@misc{Limiar,
  title = {Lecture 4},
  subtitle = {Thresholding},
  author = {Matteo Matteucci},
  url = {http://homepages.inf.ed.ac.uk/rbf/CVonline/LOCAL_COPIES/MORSE/threshold.pdf},
  urlaccessdate = {8 ag. 2013},
  year = {2000}
}

@book{Norm,
  title = {Moments and Moment Invariants in Pattern Recognition},
  author = {Jan Flusser and Barbara Zitova and Tomas Suk},
  isbn = {0470699876},
  year = {2009},
  publisher = {Wiley}
}

@book{InteligenciaArtificial,
  title = {Inteligência Artificial},
  author = {George F. Luger},
  isbn = {9788577801206},
  year = {2004},
  publisher = {Bookman}
}

@book{NeuralNetworks,
  title={Neural Networks},
  subtitle={A Comprehensive Fundation},
  author={Simon Haykin},
  isbn={0132733502},
  year={1998},
  publisher={Pratice Hall}
}
